<record><leader>00000cas a2200000 a 4500</leader><controlfield tag="001">21584186</controlfield><controlfield tag="008">900524d19691974vtusr ne      0   a0eng c</controlfield><datafield ind1=" " ind2=" " tag="010"><subfield code="a">sn 90062018 </subfield></datafield><datafield ind1=" " ind2=" " tag="040"><subfield code="a">NVH</subfield><subfield code="b">eng</subfield><subfield code="c">NVH</subfield><subfield code="d">CNW</subfield><subfield code="d">EYM</subfield><subfield code="d">NVN</subfield><subfield code="d">OCLCQ</subfield><subfield code="d">OCLCF</subfield><subfield code="d">OCLCO</subfield></datafield><datafield ind1=" " ind2=" " tag="012"><subfield code="i">9502</subfield></datafield><datafield ind1="1" ind2=" " tag="029"><subfield code="a">AU@</subfield><subfield code="b">000025857686</subfield></datafield><datafield ind1=" " ind2=" " tag="042"><subfield code="a">pcc</subfield></datafield><datafield ind1=" " ind2=" " tag="043"><subfield code="a">n-us-vt</subfield></datafield><datafield ind1="0" ind2=" " tag="130"><subfield code="a">Vermont freeman (Starksboro, Vt.)</subfield></datafield><datafield ind1="1" ind2="0" tag="245"><subfield code="a">Vermont freeman.</subfield></datafield><datafield ind1="1" ind2=" " tag="246"><subfield code="i">Issues for Dec. 4-Dec. 21, 1970 called:</subfield><subfield code="a">Freeman</subfield></datafield><datafield ind1="1" ind2=" " tag="246"><subfield code="i">Issues for Jan. 18-Mar. 1, 1971 called:</subfield><subfield code="a">Freeman in Vermont</subfield></datafield><datafield ind1="1" ind2="3" tag="246"><subfield code="a">Vermont freeman and the Freeman in New Hampshire</subfield><subfield code="f">Early Aug. 1971-Spring 1972</subfield></datafield><datafield ind1=" " ind2=" " tag="260"><subfield code="a">Starksboro, Vt. :</subfield><subfield code="b">Bernard O'Shea,</subfield><subfield code="c">1969-1974.</subfield></datafield><datafield ind1=" " ind2=" " tag="300"><subfield code="a">v.</subfield></datafield><datafield ind1=" " ind2=" " tag="310"><subfield code="a">Semimonthly,</subfield><subfield code="b">Early July 1971-Early May 1974</subfield></datafield><datafield ind1=" " ind2=" " tag="321"><subfield code="a">Weekly,</subfield><subfield code="b">Jan. 18, 1969-Apr. 5, 1971</subfield></datafield><datafield ind1="0" ind2=" " tag="362"><subfield code="a">Vol. 1, no. 1 (Jan. 18, 1969)-v. 6, no. 9 (Early May 1974).</subfield></datafield><datafield ind1=" " ind2=" " tag="500"><subfield code="a">Published in Huntington, Vt., Latter July 1971-Early May 1974.</subfield></datafield><datafield ind1=" " ind2=" " tag="515"><subfield code="a">Chronological designations indicated only as "early" or "latter" plus month, from Early July 1971-Early May 1974.</subfield></datafield><datafield ind1=" " ind2=" " tag="515"><subfield code="a">Suspended with Apr. 5, 1971 issue; resumed with Early July 1971 issue.</subfield></datafield><datafield ind1=" " ind2="0" tag="651"><subfield code="a">Starksboro (Vt.)</subfield><subfield code="v">Newspapers.</subfield></datafield><datafield ind1=" " ind2="0" tag="651"><subfield code="a">Chittenden County (Vt.)</subfield><subfield code="v">Newspapers.</subfield></datafield><datafield ind1=" " ind2="0" tag="651"><subfield code="a">Vermont</subfield><subfield code="v">Newspapers.</subfield></datafield><datafield ind1=" " ind2="7" tag="655"><subfield code="a">Newspapers.</subfield><subfield code="2">fast</subfield><subfield code="0">(OCoLC)fst01423814</subfield></datafield><datafield ind1=" " ind2="7" tag="651"><subfield code="a">Vermont.</subfield><subfield code="2">fast</subfield><subfield code="0">(OCoLC)fst01204305</subfield></datafield><datafield ind1=" " ind2="7" tag="651"><subfield code="a">Vermont</subfield><subfield code="z">Chittenden County.</subfield><subfield code="2">fast</subfield><subfield code="0">(OCoLC)fst01211998</subfield></datafield><datafield ind1=" " ind2="7" tag="651"><subfield code="a">Vermont</subfield><subfield code="z">Starksboro.</subfield><subfield code="2">fast</subfield><subfield code="0">(OCoLC)fst01257105</subfield></datafield><datafield ind1=" " ind2=" " tag="752"><subfield code="a">United States</subfield><subfield code="b">Vermont</subfield><subfield code="c">Addison</subfield><subfield code="d">Starksboro.</subfield></datafield><datafield ind1=" " ind2=" " tag="752"><subfield code="a">United States</subfield><subfield code="b">Vermont</subfield><subfield code="c">Chittenden</subfield><subfield code="d">Huntington.</subfield></datafield><datafield ind1="0" ind2="5" tag="780"><subfield code="t">Freeman in New Hampshire</subfield><subfield code="w">(DLC)sn 90062013</subfield></datafield><datafield ind1=" " ind2=" " tag="850"><subfield code="a">MiU</subfield></datafield></record>